@article{imbalance,
  title={Data mining for imbalanced datasets: An overview},
  author={NV Chawla},
  journal={Data mining and knowledge discovery handbook},
  note={\url{http://link.springer.com/chapter/10.1007%2F0-387-25465-X_40#page-1}},
  year={2005}
}
@article{financesvm,
  title={Modelling high-frequency limit order book dynamics with support vector machines},
  author={Kercheval Alec N and Yuan Zhang},
  journal={Quantitative Finance 15.8},
  note={\url{http://www.math.fsu.edu/~aluffi/archive/paper462.pdf}},
  year={2014}
}